@Misc{OMS2014,
 publisher = {Organização Mundial da Saúde},
 title     = {Air Pollution Estimates},
 year	   = {2014},
 month 	   = {Mar},
 url       = {http://www.who.int/phe/health_topics/outdoorair/databases/FINAL_HAP_AAP_BoD_24March2014.pdf},
}
@Misc{ISS2014,
 publisher = {Instituto de Saúde e Sustentabilidade},
 title     = {Monitoramento da Qualidade do Ar no Brasil},
 year	   = {2014},
 url       = {http://www.saudeesustentabilidade.org.br/site/wp-content/uploads/2014/07/Monitoramento-da-Qualidade-do-Ar-no-Brasil-2014.pdf},
}
@Misc{GPL2002,
 publisher = {GNU},
 year      = {2002}, 
 url       = {https://www.gnu.org/licenses/gpl-howto.pt-br.html},
}
@Misc{QUA,
 publisher = {QUALAR},
 year      = {2009},
 month     = {Set},
 url 	   = {http://ar.cetesb.sp.gov.br/qualar/}, 
}
@Misc{ODM,
 publisher = {Open Dust Map},
 url       = {http://opendustmap.com},
}
@Misc{EEA2011,
 publisher = {Agência Européia do Ambiente},
 title     = {Ozone and particulates most serious air quality problems in Europe},
 year      = {2011},
 month     = {Nov},
 url       = {http://www.eea.europa.eu/highlights/ozone-and-particulates-most-serious},
}
@Misc{Nielsen2015,
 publisher = {Nielsen Company},
 title     = {SMARTPHONE OWNERS ARE AS DIVERSE AS THEIR DEVICES},
 year	   = {2015},
 month 	   = {May},
 address   = {85 Broad St New York, NY 10004},
 url       = {http://www.nielsen.com/us/en/insights/news/2015/smartphone-owners-are-as-diverse-as-their-devices.html},
}
@Misc{ADT2015,
 publisher = {Android Developers Blog},
 title     = {An update on Eclipse Android Developer Tools},
 year	   = {2015},
 month 	   = {jun},
 url       = {http://android-developers.blogspot.com.br/2015/06/an-update-on-eclipse-android-developer.html},
}
@Misc{BEA,
 publisher = {Beautiful Soup},
 url       = {https://www.crummy.com/software/BeautifulSoup/},
}
@Misc{SELWEB,
 publisher = {Selenium Webdriver},
 url       = {http://www.seleniumhq.org/projects/webdriver/},
}
@Misc{EB2015,
 publisher = {Encyclopedia Britannica},
 title     = {Satellite communication},
 author    = {Virgil Labrador},
 year      = {2015},
 month     = {Feb},
 url       = {https://global.britannica.com/technology/satellite-communication},
}
@Misc{EXAME2014,
 publisher = {Revista EXAME},
 title     = {Poluição do ar é mais fatal que acidente de trânsito em SP},
 year      = {2014},
 month     = {Apr},
 url       = {exame.abril.com.br/mundo/poluicao-do-ar-mata-mais-que-acidente-de-transito-em-sp/},
}
@Misc{FOLHA2016,
 publisher = {Folha de São Paulo},
 title     = {Campus da USP é área mais poluída de SP pelo segundo ano consecutivo},
 year      = {2016},
 month     = {May},
 url       = {http://www1.folha.uol.com.br/cotidiano/2016/05/1773232-campus-da-usp-e-area-mais-poluida-de-sp-pelo-segundo-ano-consecutivo.shtml},
}
@Misc{AUS2008,
 publisher = {Governo da Austrália},
 title     = {A Review of Spatial Interpolation Methods for Environmental Scientists},
 author    = {Jin Li, Andrew D. Heap},
 year      = {2008},
 url       = {http://www.ga.gov.au/webtemp/image_cache/GA12526.pdf},
}
